@INPROCEEDINGS{He:16CVPR,
author={K. {He} and X. {Zhang} and S. {Ren} and J. {Sun}},
booktitle={IEEE Conf. on Computer Vision and Pattern Recognition},
title={Deep Residual Learning for Image Recognition},
year={2016},
pages={770-778},
address = {Las Vegas, NV, USA},
month = {Jun.}
}

@ARTICLE{Nguyen:18IET, 
author={H. {Nguyen} and L. {Kieu} and T. {Wen} and C. {Cai}}, 
journal={IET Intelligent Transport Systems}, 
title={Deep learning methods in transportation domain: a review}, 
year={2018}, 
volume={12}, 
number={9}, 
pages={998-1004}, 
month={},
}